@Manual{R-2024,
    title = {R: A Language and Environment for Statistical Computing},
    author = {{R Core Team}},
    organization = {R Foundation for Statistical Computing},
    address = {Vienna, Austria},
    year = {2024},
    url = {https://www.R-project.org/},
  }
@Article{brms,
  title = {{brms}: An {R} Package for {Bayesian} Multilevel Models Using {Stan}},
  author = {Paul-Christian BÃ¼rkner},
  journal = {Journal of Statistical Software},
  year = {2017},
  volume = {80},
  number = {1},
  pages = {1--28},
  doi = {10.18637/jss.v080.i01},
  encoding = {UTF-8},
}

@book{Gelman-2007-2007,
	Address = {Cambridge, UK},
	Author = {Gelman, A. and Hill, J.},
	Publisher = {Cambridge University Press},
	Title = {Data Analysis Using Regression and Multilevel/hierarchical Models},
	Year = {2007}}

@Manual{DHARMa,
    title = {DHARMa: Residual Diagnostics for Hierarchical (Multi-Level / Mixed)
Regression Models},
    author = {Florian Hartig},
    year = {2022},
    note = {R package version 0.4.6},
    url = {https://CRAN.R-project.org/package=DHARMa},
  }
